@article{test,
  author          = {me},
  journal         = {what},
  number          = {1},
  title           = {who},
  volume          = {99},
  year            = {2000}
}